<record><leader>00000cas a22000007a 4500</leader><controlfield tag="001">17833410</controlfield><controlfield tag="008">880422d189u1uuulauwr ne      0    0eng d</controlfield><datafield ind1=" " ind2=" " tag="010"><subfield code="a">sn 88064350 </subfield></datafield><datafield ind1=" " ind2=" " tag="040"><subfield code="a">LNP</subfield><subfield code="b">eng</subfield><subfield code="c">LNP</subfield><subfield code="d">OCLCQ</subfield></datafield><datafield ind1=" " ind2=" " tag="042"><subfield code="a">msc</subfield></datafield><datafield ind1="0" ind2=" " tag="130"><subfield code="a">Columbian (Wilson, La.)</subfield></datafield><datafield ind1="1" ind2="4" tag="245"><subfield code="a">The Columbian.</subfield></datafield><datafield ind1=" " ind2=" " tag="260"><subfield code="a">Wilson, La. :</subfield><subfield code="b">A.E. Miller</subfield></datafield><datafield ind1=" " ind2=" " tag="310"><subfield code="a">Weekly</subfield></datafield><datafield ind1=" " ind2=" " tag="588"><subfield code="a">Description based on: Vol. 6, no. 48 (Nov. 30, 1899).</subfield></datafield><datafield ind1=" " ind2=" " tag="752"><subfield code="a">United States</subfield><subfield code="b">Louisiana</subfield><subfield code="c">East Feliciana</subfield><subfield code="d">Wilson.</subfield></datafield></record>